%YAML 1.1
%TAG !u! tag:unity3d.com,2011:
--- !u!29 &1
OcclusionCullingSettings:
  m_ObjectHideFlags: 0
  serializedVersion: 2
  m_OcclusionBakeSettings:
    smallestOccluder: 5
    smallestHole: 0.25
    backfaceThreshold: 100
  m_SceneGUID: 00000000000000000000000000000000
  m_OcclusionCullingData: {fileID: 0}
--- !u!104 &2
RenderSettings:
  m_ObjectHideFlags: 0
  serializedVersion: 9
  m_Fog: 0
  m_FogColor: {r: 0.5, g: 0.5, b: 0.5, a: 1}
  m_FogMode: 3
  m_FogDensity: 0.01
  m_LinearFogStart: 0
  m_LinearFogEnd: 300
  m_AmbientSkyColor: {r: 0.212, g: 0.227, b: 0.259, a: 1}
  m_AmbientEquatorColor: {r: 0.114, g: 0.125, b: 0.133, a: 1}
  m_AmbientGroundColor: {r: 0.047, g: 0.043, b: 0.035, a: 1}
  m_AmbientIntensity: 1
  m_AmbientMode: 0
  m_SubtractiveShadowColor: {r: 0.42, g: 0.478, b: 0.627, a: 1}
  m_SkyboxMaterial: {fileID: 10304, guid: 0000000000000000f000000000000000, type: 0}
  m_HaloStrength: 0.5
  m_FlareStrength: 1
  m_FlareFadeSpeed: 3
  m_HaloTexture: {fileID: 0}
  m_SpotCookie: {fileID: 10001, guid: 0000000000000000e000000000000000, type: 0}
  m_DefaultReflectionMode: 0
  m_DefaultReflectionResolution: 128
  m_ReflectionBounces: 1
  m_ReflectionIntensity: 1
  m_CustomReflection: {fileID: 0}
  m_Sun: {fileID: 0}
  m_IndirectSpecularColor: {r: 0.45047015, g: 0.50047225, b: 0.57516986, a: 1}
  m_UseRadianceAmbientProbe: 0
--- !u!157 &3
LightmapSettings:
  m_ObjectHideFlags: 0
  serializedVersion: 12
  m_GIWorkflowMode: 1
  m_GISettings:
    serializedVersion: 2
    m_BounceScale: 1
    m_IndirectOutputScale: 1
    m_AlbedoBoost: 1
    m_EnvironmentLightingMode: 0
    m_EnableBakedLightmaps: 1
    m_EnableRealtimeLightmaps: 0
  m_LightmapEditorSettings:
    serializedVersion: 12
    m_Resolution: 2
    m_BakeResolution: 40
    m_AtlasSize: 1024
    m_AO: 0
    m_AOMaxDistance: 1
    m_CompAOExponent: 1
    m_CompAOExponentDirect: 0
    m_ExtractAmbientOcclusion: 0
    m_Padding: 2
    m_LightmapParameters: {fileID: 0}
    m_LightmapsBakeMode: 1
    m_TextureCompression: 1
    m_FinalGather: 0
    m_FinalGatherFiltering: 1
    m_FinalGatherRayCount: 256
    m_ReflectionCompression: 2
    m_MixedBakeMode: 2
    m_BakeBackend: 1
    m_PVRSampling: 1
    m_PVRDirectSampleCount: 32
    m_PVRSampleCount: 512
    m_PVRBounces: 2
    m_PVREnvironmentSampleCount: 256
    m_PVREnvironmentReferencePointCount: 2048
    m_PVRFilteringMode: 1
    m_PVRDenoiserTypeDirect: 1
    m_PVRDenoiserTypeIndirect: 1
    m_PVRDenoiserTypeAO: 1
    m_PVRFilterTypeDirect: 0
    m_PVRFilterTypeIndirect: 0
    m_PVRFilterTypeAO: 0
    m_PVREnvironmentMIS: 1
    m_PVRCulling: 1
    m_PVRFilteringGaussRadiusDirect: 1
    m_PVRFilteringGaussRadiusIndirect: 5
    m_PVRFilteringGaussRadiusAO: 2
    m_PVRFilteringAtrousPositionSigmaDirect: 0.5
    m_PVRFilteringAtrousPositionSigmaIndirect: 2
    m_PVRFilteringAtrousPositionSigmaAO: 1
    m_ExportTrainingData: 0
    m_TrainingDataDestination: TrainingData
    m_LightProbeSampleCountMultiplier: 4
  m_LightingDataAsset: {fileID: 0}
  m_LightingSettings: {fileID: 0}
--- !u!196 &4
NavMeshSettings:
  serializedVersion: 2
  m_ObjectHideFlags: 0
  m_BuildSettings:
    serializedVersion: 2
    agentTypeID: 0
    agentRadius: 0.5
    agentHeight: 2
    agentSlope: 45
    agentClimb: 0.4
    ledgeDropHeight: 0
    maxJumpAcrossDistance: 0
    minRegionArea: 2
    manualCellSize: 0
    cellSize: 0.16666667
    manualTileSize: 0
    tileSize: 256
    accuratePlacement: 0
    maxJobWorkers: 0
    preserveTilesOutsideBounds: 0
    debug:
      m_Flags: 0
  m_NavMeshData: {fileID: 0}
--- !u!1 &7534472
GameObject:
  m_ObjectHideFlags: 0
  m_CorrespondingSourceObject: {fileID: 0}
  m_PrefabInstance: {fileID: 0}
  m_PrefabAsset: {fileID: 0}
  serializedVersion: 6
  m_Component:
  - component: {fileID: 7534476}
  - component: {fileID: 7534475}
  - component: {fileID: 7534474}
  - component: {fileID: 7534473}
  m_Layer: 0
  m_Name: Cube (5)
  m_TagString: Untagged
  m_Icon: {fileID: 0}
  m_NavMeshLayer: 0
  m_StaticEditorFlags: 0
  m_IsActive: 1
--- !u!65 &7534473
BoxCollider:
  m_ObjectHideFlags: 0
  m_CorrespondingSourceObject: {fileID: 0}
  m_PrefabInstance: {fileID: 0}
  m_PrefabAsset: {fileID: 0}
  m_GameObject: {fileID: 7534472}
  m_Material: {fileID: 13400000, guid: dd18dc4ac24554a0badca3bef5a8c155, type: 2}
  m_IsTrigger: 0
  m_Enabled: 1
  serializedVersion: 2
  m_Size: {x: 1, y: 1, z: 1}
  m_Center: {x: 0, y: 0, z: 0}
--- !u!23 &7534474
MeshRenderer:
  m_ObjectHideFlags: 0
  m_CorrespondingSourceObject: {fileID: 0}
  m_PrefabInstance: {fileID: 0}
  m_PrefabAsset: {fileID: 0}
  m_GameObject: {fileID: 7534472}
  m_Enabled: 1
  m_CastShadows: 1
  m_ReceiveShadows: 1
  m_DynamicOccludee: 1
  m_MotionVectors: 1
  m_LightProbeUsage: 1
  m_ReflectionProbeUsage: 1
  m_RayTracingMode: 2
  m_RayTraceProcedural: 0
  m_RenderingLayerMask: 1
  m_RendererPriority: 0
  m_Materials:
  - {fileID: 2100000, guid: 5c13ff935b260447a861acd7df56ba6c, type: 2}
  m_StaticBatchInfo:
    firstSubMesh: 0
    subMeshCount: 0
  m_StaticBatchRoot: {fileID: 0}
  m_ProbeAnchor: {fileID: 0}
  m_LightProbeVolumeOverride: {fileID: 0}
  m_ScaleInLightmap: 1
  m_ReceiveGI: 1
  m_PreserveUVs: 0
  m_IgnoreNormalsForChartDetection: 0
  m_ImportantGI: 0
  m_StitchLightmapSeams: 1
  m_SelectedEditorRenderState: 3
  m_MinimumChartSize: 4
  m_AutoUVMaxDistance: 0.5
  m_AutoUVMaxAngle: 89
  m_LightmapParameters: {fileID: 0}
  m_SortingLayerID: 0
  m_SortingLayer: 0
  m_SortingOrder: 0
  m_AdditionalVertexStreams: {fileID: 0}
--- !u!33 &7534475
MeshFilter:
  m_ObjectHideFlags: 0
  m_CorrespondingSourceObject: {fileID: 0}
  m_PrefabInstance: {fileID: 0}
  m_PrefabAsset: {fileID: 0}
  m_GameObject: {fileID: 7534472}
  m_Mesh: {fileID: 10202, guid: 0000000000000000e000000000000000, type: 0}
--- !u!4 &7534476
Transform:
  m_ObjectHideFlags: 0
  m_CorrespondingSourceObject: {fileID: 0}
  m_PrefabInstance: {fileID: 0}
  m_PrefabAsset: {fileID: 0}
  m_GameObject: {fileID: 7534472}
  m_LocalRotation: {x: -0, y: -0, z: -0, w: 1}
  m_LocalPosition: {x: 19.026, y: 3.64, z: 0.001}
  m_LocalScale: {x: 5.2582912, y: 0.50363636, z: 2}
  m_Children: []
  m_Father: {fileID: 1072210415}
  m_RootOrder: 14
  m_LocalEulerAnglesHint: {x: 0, y: 0, z: 0}
--- !u!4 &26043754 stripped
Transform:
  m_CorrespondingSourceObject: {fileID: 1232642526394195319, guid: be47ac35f899a42c2b88ba88da941498, type: 3}
  m_PrefabInstance: {fileID: 1884938160}
  m_PrefabAsset: {fileID: 0}
--- !u!4 &78636865 stripped
Transform:
  m_CorrespondingSourceObject: {fileID: 1611373715402337260, guid: 69347ec506edf4a1fa75d528d6403166, type: 3}
  m_PrefabInstance: {fileID: 1193696261}
  m_PrefabAsset: {fileID: 0}
--- !u!1 &80392422
GameObject:
  m_ObjectHideFlags: 0
  m_CorrespondingSourceObject: {fileID: 0}
  m_PrefabInstance: {fileID: 0}
  m_PrefabAsset: {fileID: 0}
  serializedVersion: 6
  m_Component:
  - component: {fileID: 80392426}
  - component: {fileID: 80392425}
  - component: {fileID: 80392424}
  - component: {fileID: 80392423}
  m_Layer: 0
  m_Name: Cube (1)
  m_TagString: Untagged
  m_Icon: {fileID: 0}
  m_NavMeshLayer: 0
  m_StaticEditorFlags: 0
  m_IsActive: 1
--- !u!65 &80392423
BoxCollider:
  m_ObjectHideFlags: 0
  m_CorrespondingSourceObject: {fileID: 0}
  m_PrefabInstance: {fileID: 0}
  m_PrefabAsset: {fileID: 0}
  m_GameObject: {fileID: 80392422}
  m_Material: {fileID: 13400000, guid: dd18dc4ac24554a0badca3bef5a8c155, type: 2}
  m_IsTrigger: 0
  m_Enabled: 1
  serializedVersion: 2
  m_Size: {x: 1, y: 1, z: 1}
  m_Center: {x: 0, y: 0, z: 0}
--- !u!23 &80392424
MeshRenderer:
  m_ObjectHideFlags: 0
  m_CorrespondingSourceObject: {fileID: 0}
  m_PrefabInstance: {fileID: 0}
  m_PrefabAsset: {fileID: 0}
  m_GameObject: {fileID: 80392422}
  m_Enabled: 1
  m_CastShadows: 1
  m_ReceiveShadows: 1
  m_DynamicOccludee: 1
  m_MotionVectors: 1
  m_LightProbeUsage: 1
  m_ReflectionProbeUsage: 1
  m_RayTracingMode: 2
  m_RayTraceProcedural: 0
  m_RenderingLayerMask: 1
  m_RendererPriority: 0
  m_Materials:
  - {fileID: 2100000, guid: 5c13ff935b260447a861acd7df56ba6c, type: 2}
  m_StaticBatchInfo:
    firstSubMesh: 0
    subMeshCount: 0
  m_StaticBatchRoot: {fileID: 0}
  m_ProbeAnchor: {fileID: 0}
  m_LightProbeVolumeOverride: {fileID: 0}
  m_ScaleInLightmap: 1
  m_ReceiveGI: 1
  m_PreserveUVs: 0
  m_IgnoreNormalsForChartDetection: 0
  m_ImportantGI: 0
  m_StitchLightmapSeams: 1
  m_SelectedEditorRenderState: 3
  m_MinimumChartSize: 4
  m_AutoUVMaxDistance: 0.5
  m_AutoUVMaxAngle: 89
  m_LightmapParameters: {fileID: 0}
  m_SortingLayerID: 0
  m_SortingLayer: 0
  m_SortingOrder: 0
  m_AdditionalVertexStreams: {fileID: 0}
--- !u!33 &80392425
MeshFilter:
  m_ObjectHideFlags: 0
  m_CorrespondingSourceObject: {fileID: 0}
  m_PrefabInstance: {fileID: 0}
  m_PrefabAsset: {fileID: 0}
  m_GameObject: {fileID: 80392422}
  m_Mesh: {fileID: 10202, guid: 0000000000000000e000000000000000, type: 0}
--- !u!4 &80392426
Transform:
  m_ObjectHideFlags: 0
  m_CorrespondingSourceObject: {fileID: 0}
  m_PrefabInstance: {fileID: 0}
  m_PrefabAsset: {fileID: 0}
  m_GameObject: {fileID: 80392422}
  m_LocalRotation: {x: -0, y: -0, z: -0, w: 1}
  m_LocalPosition: {x: 5.0972, y: -0.4511, z: 0.001}
  m_LocalScale: {x: 2.7293868, y: 3.3249786, z: 2}
  m_Children: []
  m_Father: {fileID: 1072210415}
  m_RootOrder: 5
  m_LocalEulerAnglesHint: {x: 0, y: 0, z: 0}
--- !u!4 &361134303 stripped
Transform:
  m_CorrespondingSourceObject: {fileID: 1611373715402337260, guid: 69347ec506edf4a1fa75d528d6403166, type: 3}
  m_PrefabInstance: {fileID: 623630072}
  m_PrefabAsset: {fileID: 0}
--- !u!1001 &418920274
PrefabInstance:
  m_ObjectHideFlags: 0
  serializedVersion: 2
  m_Modification:
    m_TransformParent: {fileID: 0}
    m_Modifications:
    - target: {fileID: 3889076533995712753, guid: 8e8b722cbdccc471ea56ddf74f3ed7de, type: 3}
      propertyPath: m_RootOrder
      value: 1
      objectReference: {fileID: 0}
    - target: {fileID: 3889076533995712753, guid: 8e8b722cbdccc471ea56ddf74f3ed7de, type: 3}
      propertyPath: m_LocalPosition.x
      value: 0
      objectReference: {fileID: 0}
    - target: {fileID: 3889076533995712753, guid: 8e8b722cbdccc471ea56ddf74f3ed7de, type: 3}
      propertyPath: m_LocalPosition.y
      value: 3
      objectReference: {fileID: 0}
    - target: {fileID: 3889076533995712753, guid: 8e8b722cbdccc471ea56ddf74f3ed7de, type: 3}
      propertyPath: m_LocalPosition.z
      value: 0
      objectReference: {fileID: 0}
    - target: {fileID: 3889076533995712753, guid: 8e8b722cbdccc471ea56ddf74f3ed7de, type: 3}
      propertyPath: m_LocalRotation.w
      value: 0.78665394
      objectReference: {fileID: 0}
    - target: {fileID: 3889076533995712753, guid: 8e8b722cbdccc471ea56ddf74f3ed7de, type: 3}
      propertyPath: m_LocalRotation.x
      value: 0.26168486
      objectReference: {fileID: 0}
    - target: {fileID: 3889076533995712753, guid: 8e8b722cbdccc471ea56ddf74f3ed7de, type: 3}
      propertyPath: m_LocalRotation.y
      value: 0.5306048
      objectReference: {fileID: 0}
    - target: {fileID: 3889076533995712753, guid: 8e8b722cbdccc471ea56ddf74f3ed7de, type: 3}
      propertyPath: m_LocalRotation.z
      value: -0.17650867
      objectReference: {fileID: 0}
    - target: {fileID: 3889076533995712753, guid: 8e8b722cbdccc471ea56ddf74f3ed7de, type: 3}
      propertyPath: m_LocalEulerAnglesHint.x
      value: 36.8
      objectReference: {fileID: 0}
    - target: {fileID: 3889076533995712753, guid: 8e8b722cbdccc471ea56ddf74f3ed7de, type: 3}
      propertyPath: m_LocalEulerAnglesHint.y
      value: 68
      objectReference: {fileID: 0}
    - target: {fileID: 3889076533995712753, guid: 8e8b722cbdccc471ea56ddf74f3ed7de, type: 3}
      propertyPath: m_LocalEulerAnglesHint.z
      value: 0
      objectReference: {fileID: 0}
    - target: {fileID: 3889076533995712755, guid: 8e8b722cbdccc471ea56ddf74f3ed7de, type: 3}
      propertyPath: m_Name
      value: Light
      objectReference: {fileID: 0}
    m_RemovedComponents: []
  m_SourcePrefab: {fileID: 100100000, guid: 8e8b722cbdccc471ea56ddf74f3ed7de, type: 3}
--- !u!1001 &460284514
PrefabInstance:
  m_ObjectHideFlags: 0
  serializedVersion: 2
  m_Modification:
    m_TransformParent: {fileID: 1072210415}
    m_Modifications:
    - target: {fileID: 1232642526394195318, guid: be47ac35f899a42c2b88ba88da941498, type: 3}
      propertyPath: m_Name
      value: MovementBlocker (1)
      objectReference: {fileID: 0}
    - target: {fileID: 1232642526394195319, guid: be47ac35f899a42c2b88ba88da941498, type: 3}
      propertyPath: m_RootOrder
      value: 2
      objectReference: {fileID: 0}
    - target: {fileID: 1232642526394195319, guid: be47ac35f899a42c2b88ba88da941498, type: 3}
      propertyPath: m_LocalPosition.x
      value: 70
      objectReference: {fileID: 0}
    - target: {fileID: 1232642526394195319, guid: be47ac35f899a42c2b88ba88da941498, type: 3}
      propertyPath: m_LocalPosition.y
      value: 0
      objectReference: {fileID: 0}
    - target: {fileID: 1232642526394195319, guid: be47ac35f899a42c2b88ba88da941498, type: 3}
      propertyPath: m_LocalPosition.z
      value: 0
      objectReference: {fileID: 0}
    - target: {fileID: 1232642526394195319, guid: be47ac35f899a42c2b88ba88da941498, type: 3}
      propertyPath: m_LocalRotation.w
      value: 1
      objectReference: {fileID: 0}
    - target: {fileID: 1232642526394195319, guid: be47ac35f899a42c2b88ba88da941498, type: 3}
      propertyPath: m_LocalRotation.x
      value: -0
      objectReference: {fileID: 0}
    - target: {fileID: 1232642526394195319, guid: be47ac35f899a42c2b88ba88da941498, type: 3}
      propertyPath: m_LocalRotation.y
      value: -0
      objectReference: {fileID: 0}
    - target: {fileID: 1232642526394195319, guid: be47ac35f899a42c2b88ba88da941498, type: 3}
      propertyPath: m_LocalRotation.z
      value: -0
      objectReference: {fileID: 0}
    - target: {fileID: 1232642526394195319, guid: be47ac35f899a42c2b88ba88da941498, type: 3}
      propertyPath: m_LocalEulerAnglesHint.x
      value: 0
      objectReference: {fileID: 0}
    - target: {fileID: 1232642526394195319, guid: be47ac35f899a42c2b88ba88da941498, type: 3}
      propertyPath: m_LocalEulerAnglesHint.y
      value: 0
      objectReference: {fileID: 0}
    - target: {fileID: 1232642526394195319, guid: be47ac35f899a42c2b88ba88da941498, type: 3}
      propertyPath: m_LocalEulerAnglesHint.z
      value: 0
      objectReference: {fileID: 0}
    m_RemovedComponents: []
  m_SourcePrefab: {fileID: 100100000, guid: be47ac35f899a42c2b88ba88da941498, type: 3}
--- !u!4 &460284515 stripped
Transform:
  m_CorrespondingSourceObject: {fileID: 1232642526394195319, guid: be47ac35f899a42c2b88ba88da941498, type: 3}
  m_PrefabInstance: {fileID: 460284514}
  m_PrefabAsset: {fileID: 0}
--- !u!4 &492072159 stripped
Transform:
  m_CorrespondingSourceObject: {fileID: 1611373715402337260, guid: 69347ec506edf4a1fa75d528d6403166, type: 3}
  m_PrefabInstance: {fileID: 1294878580}
  m_PrefabAsset: {fileID: 0}
--- !u!1 &543161557
GameObject:
  m_ObjectHideFlags: 0
  m_CorrespondingSourceObject: {fileID: 0}
  m_PrefabInstance: {fileID: 0}
  m_PrefabAsset: {fileID: 0}
  serializedVersion: 6
  m_Component:
  - component: {fileID: 543161561}
  - component: {fileID: 543161560}
  - component: {fileID: 543161559}
  - component: {fileID: 543161558}
  m_Layer: 0
  m_Name: Cube (8)
  m_TagString: Untagged
  m_Icon: {fileID: 0}
  m_NavMeshLayer: 0
  m_StaticEditorFlags: 0
  m_IsActive: 1
--- !u!65 &543161558
BoxCollider:
  m_ObjectHideFlags: 0
  m_CorrespondingSourceObject: {fileID: 0}
  m_PrefabInstance: {fileID: 0}
  m_PrefabAsset: {fileID: 0}
  m_GameObject: {fileID: 543161557}
  m_Material: {fileID: 13400000, guid: dd18dc4ac24554a0badca3bef5a8c155, type: 2}
  m_IsTrigger: 0
  m_Enabled: 1
  serializedVersion: 2
  m_Size: {x: 1, y: 1, z: 1}
  m_Center: {x: 0, y: 0, z: 0}
--- !u!23 &543161559
MeshRenderer:
  m_ObjectHideFlags: 0
  m_CorrespondingSourceObject: {fileID: 0}
  m_PrefabInstance: {fileID: 0}
  m_PrefabAsset: {fileID: 0}
  m_GameObject: {fileID: 543161557}
  m_Enabled: 1
  m_CastShadows: 1
  m_ReceiveShadows: 1
  m_DynamicOccludee: 1
  m_MotionVectors: 1
  m_LightProbeUsage: 1
  m_ReflectionProbeUsage: 1
  m_RayTracingMode: 2
  m_RayTraceProcedural: 0
  m_RenderingLayerMask: 1
  m_RendererPriority: 0
  m_Materials:
  - {fileID: 2100000, guid: 5c13ff935b260447a861acd7df56ba6c, type: 2}
  m_StaticBatchInfo:
    firstSubMesh: 0
    subMeshCount: 0
  m_StaticBatchRoot: {fileID: 0}
  m_ProbeAnchor: {fileID: 0}
  m_LightProbeVolumeOverride: {fileID: 0}
  m_ScaleInLightmap: 1
  m_ReceiveGI: 1
  m_PreserveUVs: 0
  m_IgnoreNormalsForChartDetection: 0
  m_ImportantGI: 0
  m_StitchLightmapSeams: 1
  m_SelectedEditorRenderState: 3
  m_MinimumChartSize: 4
  m_AutoUVMaxDistance: 0.5
  m_AutoUVMaxAngle: 89
  m_LightmapParameters: {fileID: 0}
  m_SortingLayerID: 0
  m_SortingLayer: 0
  m_SortingOrder: 0
  m_AdditionalVertexStreams: {fileID: 0}
--- !u!33 &543161560
MeshFilter:
  m_ObjectHideFlags: 0
  m_CorrespondingSourceObject: {fileID: 0}
  m_PrefabInstance: {fileID: 0}
  m_PrefabAsset: {fileID: 0}
  m_GameObject: {fileID: 543161557}
  m_Mesh: {fileID: 10202, guid: 0000000000000000e000000000000000, type: 0}
--- !u!4 &543161561
Transform:
  m_ObjectHideFlags: 0
  m_CorrespondingSourceObject: {fileID: 0}
  m_PrefabInstance: {fileID: 0}
  m_PrefabAsset: {fileID: 0}
  m_GameObject: {fileID: 543161557}
  m_LocalRotation: {x: -0, y: -0, z: -0, w: 1}
  m_LocalPosition: {x: 31.003, y: 5.01, z: 0.001}
  m_LocalScale: {x: 11.604523, y: 0.50363636, z: 2}
  m_Children: []
  m_Father: {fileID: 1072210415}
  m_RootOrder: 17
  m_LocalEulerAnglesHint: {x: 0, y: 0, z: 0}
--- !u!1001 &623630072
PrefabInstance:
  m_ObjectHideFlags: 0
  serializedVersion: 2
  m_Modification:
    m_TransformParent: {fileID: 1072210415}
    m_Modifications:
    - target: {fileID: 1611373715402337260, guid: 69347ec506edf4a1fa75d528d6403166, type: 3}
      propertyPath: m_RootOrder
      value: 7
      objectReference: {fileID: 0}
    - target: {fileID: 1611373715402337260, guid: 69347ec506edf4a1fa75d528d6403166, type: 3}
      propertyPath: m_LocalScale.x
      value: 2.709
      objectReference: {fileID: 0}
    - target: {fileID: 1611373715402337260, guid: 69347ec506edf4a1fa75d528d6403166, type: 3}
      propertyPath: m_LocalScale.y
      value: 1.6479
      objectReference: {fileID: 0}
    - target: {fileID: 1611373715402337260, guid: 69347ec506edf4a1fa75d528d6403166, type: 3}
      propertyPath: m_LocalScale.z
      value: 1.9
      objectReference: {fileID: 0}
    - target: {fileID: 1611373715402337260, guid: 69347ec506edf4a1fa75d528d6403166, type: 3}
      propertyPath: m_LocalPosition.x
      value: 7.7546
      objectReference: {fileID: 0}
    - target: {fileID: 1611373715402337260, guid: 69347ec506edf4a1fa75d528d6403166, type: 3}
      propertyPath: m_LocalPosition.y
      value: -0.8561
      objectReference: {fileID: 0}
    - target: {fileID: 1611373715402337260, guid: 69347ec506edf4a1fa75d528d6403166, type: 3}
      propertyPath: m_LocalPosition.z
      value: 0
      objectReference: {fileID: 0}
    - target: {fileID: 1611373715402337260, guid: 69347ec506edf4a1fa75d528d6403166, type: 3}
      propertyPath: m_LocalRotation.w
      value: 1
      objectReference: {fileID: 0}
    - target: {fileID: 1611373715402337260, guid: 69347ec506edf4a1fa75d528d6403166, type: 3}
      propertyPath: m_LocalRotation.x
      value: -0
      objectReference: {fileID: 0}
    - target: {fileID: 1611373715402337260, guid: 69347ec506edf4a1fa75d528d6403166, type: 3}
      propertyPath: m_LocalRotation.y
      value: -0
      objectReference: {fileID: 0}
    - target: {fileID: 1611373715402337260, guid: 69347ec506edf4a1fa75d528d6403166, type: 3}
      propertyPath: m_LocalRotation.z
      value: -0
      objectReference: {fileID: 0}
    - target: {fileID: 1611373715402337260, guid: 69347ec506edf4a1fa75d528d6403166, type: 3}
      propertyPath: m_LocalEulerAnglesHint.x
      value: 0
      objectReference: {fileID: 0}
    - target: {fileID: 1611373715402337260, guid: 69347ec506edf4a1fa75d528d6403166, type: 3}
      propertyPath: m_LocalEulerAnglesHint.y
      value: 0
      objectReference: {fileID: 0}
    - target: {fileID: 1611373715402337260, guid: 69347ec506edf4a1fa75d528d6403166, type: 3}
      propertyPath: m_LocalEulerAnglesHint.z
      value: 0
      objectReference: {fileID: 0}
    - target: {fileID: 3700365744653131959, guid: 69347ec506edf4a1fa75d528d6403166, type: 3}
      propertyPath: m_Name
      value: Lava
      objectReference: {fileID: 0}
    m_RemovedComponents: []
  m_SourcePrefab: {fileID: 100100000, guid: 69347ec506edf4a1fa75d528d6403166, type: 3}
--- !u!1 &637835262
GameObject:
  m_ObjectHideFlags: 0
  m_CorrespondingSourceObject: {fileID: 0}
  m_PrefabInstance: {fileID: 0}
  m_PrefabAsset: {fileID: 0}
  serializedVersion: 6
  m_Component:
  - component: {fileID: 637835266}
  - component: {fileID: 637835265}
  - component: {fileID: 637835264}
  - component: {fileID: 637835263}
  m_Layer: 0
  m_Name: Cube (2)
  m_TagString: Untagged
  m_Icon: {fileID: 0}
  m_NavMeshLayer: 0
  m_StaticEditorFlags: 0
  m_IsActive: 1
--- !u!65 &637835263
BoxCollider:
  m_ObjectHideFlags: 0
  m_CorrespondingSourceObject: {fileID: 0}
  m_PrefabInstance: {fileID: 0}
  m_PrefabAsset: {fileID: 0}
  m_GameObject: {fileID: 637835262}
  m_Material: {fileID: 13400000, guid: dd18dc4ac24554a0badca3bef5a8c155, type: 2}
  m_IsTrigger: 0
  m_Enabled: 1
  serializedVersion: 2
  m_Size: {x: 1, y: 1, z: 1}
  m_Center: {x: 0, y: 0, z: 0}
--- !u!23 &637835264
MeshRenderer:
  m_ObjectHideFlags: 0
  m_CorrespondingSourceObject: {fileID: 0}
  m_PrefabInstance: {fileID: 0}
  m_PrefabAsset: {fileID: 0}
  m_GameObject: {fileID: 637835262}
  m_Enabled: 1
  m_CastShadows: 1
  m_ReceiveShadows: 1
  m_DynamicOccludee: 1
  m_MotionVectors: 1
  m_LightProbeUsage: 1
  m_ReflectionProbeUsage: 1
  m_RayTracingMode: 2
  m_RayTraceProcedural: 0
  m_RenderingLayerMask: 1
  m_RendererPriority: 0
  m_Materials:
  - {fileID: 2100000, guid: 5c13ff935b260447a861acd7df56ba6c, type: 2}
  m_StaticBatchInfo:
    firstSubMesh: 0
    subMeshCount: 0
  m_StaticBatchRoot: {fileID: 0}
  m_ProbeAnchor: {fileID: 0}
  m_LightProbeVolumeOverride: {fileID: 0}
  m_ScaleInLightmap: 1
  m_ReceiveGI: 1
  m_PreserveUVs: 0
  m_IgnoreNormalsForChartDetection: 0
  m_ImportantGI: 0
  m_StitchLightmapSeams: 1
  m_SelectedEditorRenderState: 3
  m_MinimumChartSize: 4
  m_AutoUVMaxDistance: 0.5
  m_AutoUVMaxAngle: 89
  m_LightmapParameters: {fileID: 0}
  m_SortingLayerID: 0
  m_SortingLayer: 0
  m_SortingOrder: 0
  m_AdditionalVertexStreams: {fileID: 0}
--- !u!33 &637835265
MeshFilter:
  m_ObjectHideFlags: 0
  m_CorrespondingSourceObject: {fileID: 0}
  m_PrefabInstance: {fileID: 0}
  m_PrefabAsset: {fileID: 0}
  m_GameObject: {fileID: 637835262}
  m_Mesh: {fileID: 10202, guid: 0000000000000000e000000000000000, type: 0}
--- !u!4 &637835266
Transform:
  m_ObjectHideFlags: 0
  m_CorrespondingSourceObject: {fileID: 0}
  m_PrefabInstance: {fileID: 0}
  m_PrefabAsset: {fileID: 0}
  m_GameObject: {fileID: 637835262}
  m_LocalRotation: {x: -0, y: -0, z: -0, w: 1}
  m_LocalPosition: {x: 12.2601, y: -1.0527, z: 0.001}
  m_LocalScale: {x: 1.4300435, y: 2.1217067, z: 2}
  m_Children: []
  m_Father: {fileID: 1072210415}
  m_RootOrder: 12
  m_LocalEulerAnglesHint: {x: 0, y: 0, z: 0}
--- !u!1001 &808777001
PrefabInstance:
  m_ObjectHideFlags: 0
  serializedVersion: 2
  m_Modification:
    m_TransformParent: {fileID: 1072210415}
    m_Modifications:
    - target: {fileID: 747049159031288287, guid: 29bbcad1aec454191b36de1f52bd2a67, type: 3}
      propertyPath: m_RootOrder
      value: 0
      objectReference: {fileID: 0}
    - target: {fileID: 747049159031288287, guid: 29bbcad1aec454191b36de1f52bd2a67, type: 3}
      propertyPath: m_LocalPosition.x
      value: 65
      objectReference: {fileID: 0}
    - target: {fileID: 747049159031288287, guid: 29bbcad1aec454191b36de1f52bd2a67, type: 3}
      propertyPath: m_LocalPosition.y
      value: 0
      objectReference: {fileID: 0}
    - target: {fileID: 747049159031288287, guid: 29bbcad1aec454191b36de1f52bd2a67, type: 3}
      propertyPath: m_LocalPosition.z
      value: 0
      objectReference: {fileID: 0}
    - target: {fileID: 747049159031288287, guid: 29bbcad1aec454191b36de1f52bd2a67, type: 3}
      propertyPath: m_LocalRotation.w
      value: 1
      objectReference: {fileID: 0}
    - target: {fileID: 747049159031288287, guid: 29bbcad1aec454191b36de1f52bd2a67, type: 3}
      propertyPath: m_LocalRotation.x
      value: 0
      objectReference: {fileID: 0}
    - target: {fileID: 747049159031288287, guid: 29bbcad1aec454191b36de1f52bd2a67, type: 3}
      propertyPath: m_LocalRotation.y
      value: 0
      objectReference: {fileID: 0}
    - target: {fileID: 747049159031288287, guid: 29bbcad1aec454191b36de1f52bd2a67, type: 3}
      propertyPath: m_LocalRotation.z
      value: 0
      objectReference: {fileID: 0}
    - target: {fileID: 747049159031288287, guid: 29bbcad1aec454191b36de1f52bd2a67, type: 3}
      propertyPath: m_LocalEulerAnglesHint.x
      value: 0
      objectReference: {fileID: 0}
    - target: {fileID: 747049159031288287, guid: 29bbcad1aec454191b36de1f52bd2a67, type: 3}
      propertyPath: m_LocalEulerAnglesHint.y
      value: 0
      objectReference: {fileID: 0}
    - target: {fileID: 747049159031288287, guid: 29bbcad1aec454191b36de1f52bd2a67, type: 3}
      propertyPath: m_LocalEulerAnglesHint.z
      value: 0
      objectReference: {fileID: 0}
    - target: {fileID: 2265413072658640561, guid: 29bbcad1aec454191b36de1f52bd2a67, type: 3}
      propertyPath: m_Name
      value: GoalGate
      objectReference: {fileID: 0}
    m_RemovedComponents: []
  m_SourcePrefab: {fileID: 100100000, guid: 29bbcad1aec454191b36de1f52bd2a67, type: 3}
--- !u!4 &839378211 stripped
Transform:
  m_CorrespondingSourceObject: {fileID: 1611373715402337260, guid: 69347ec506edf4a1fa75d528d6403166, type: 3}
  m_PrefabInstance: {fileID: 1455468981}
  m_PrefabAsset: {fileID: 0}
--- !u!1001 &955624079
PrefabInstance:
  m_ObjectHideFlags: 0
  serializedVersion: 2
  m_Modification:
    m_TransformParent: {fileID: 1072210415}
    m_Modifications:
    - target: {fileID: 1611373715402337260, guid: 69347ec506edf4a1fa75d528d6403166, type: 3}
      propertyPath: m_RootOrder
      value: 9
      objectReference: {fileID: 0}
    - target: {fileID: 1611373715402337260, guid: 69347ec506edf4a1fa75d528d6403166, type: 3}
      propertyPath: m_LocalScale.x
      value: 6.051589
      objectReference: {fileID: 0}
    - target: {fileID: 1611373715402337260, guid: 69347ec506edf4a1fa75d528d6403166, type: 3}
      propertyPath: m_LocalScale.y
      value: 1.6479
      objectReference: {fileID: 0}
    - target: {fileID: 1611373715402337260, guid: 69347ec506edf4a1fa75d528d6403166, type: 3}
      propertyPath: m_LocalScale.z
      value: 1.9
      objectReference: {fileID: 0}
    - target: {fileID: 1611373715402337260, guid: 69347ec506edf4a1fa75d528d6403166, type: 3}
      propertyPath: m_LocalPosition.x
      value: 27.9887
      objectReference: {fileID: 0}
    - target: {fileID: 1611373715402337260, guid: 69347ec506edf4a1fa75d528d6403166, type: 3}
      propertyPath: m_LocalPosition.y
      value: -0.8454
      objectReference: {fileID: 0}
    - target: {fileID: 1611373715402337260, guid: 69347ec506edf4a1fa75d528d6403166, type: 3}
      propertyPath: m_LocalPosition.z
      value: 0
      objectReference: {fileID: 0}
    - target: {fileID: 1611373715402337260, guid: 69347ec506edf4a1fa75d528d6403166, type: 3}
      propertyPath: m_LocalRotation.w
      value: 1
      objectReference: {fileID: 0}
    - target: {fileID: 1611373715402337260, guid: 69347ec506edf4a1fa75d528d6403166, type: 3}
      propertyPath: m_LocalRotation.x
      value: -0
      objectReference: {fileID: 0}
    - target: {fileID: 1611373715402337260, guid: 69347ec506edf4a1fa75d528d6403166, type: 3}
      propertyPath: m_LocalRotation.y
      value: -0
      objectReference: {fileID: 0}
    - target: {fileID: 1611373715402337260, guid: 69347ec506edf4a1fa75d528d6403166, type: 3}
      propertyPath: m_LocalRotation.z
      value: -0
      objectReference: {fileID: 0}
    - target: {fileID: 1611373715402337260, guid: 69347ec506edf4a1fa75d528d6403166, type: 3}
      propertyPath: m_LocalEulerAnglesHint.x
      value: 0
      objectReference: {fileID: 0}
    - target: {fileID: 1611373715402337260, guid: 69347ec506edf4a1fa75d528d6403166, type: 3}
      propertyPath: m_LocalEulerAnglesHint.y
      value: 0
      objectReference: {fileID: 0}
    - target: {fileID: 1611373715402337260, guid: 69347ec506edf4a1fa75d528d6403166, type: 3}
      propertyPath: m_LocalEulerAnglesHint.z
      value: 0
      objectReference: {fileID: 0}
    - target: {fileID: 3700365744653131959, guid: 69347ec506edf4a1fa75d528d6403166, type: 3}
      propertyPath: m_Name
      value: Lava
      objectReference: {fileID: 0}
    m_RemovedComponents: []
  m_SourcePrefab: {fileID: 100100000, guid: 69347ec506edf4a1fa75d528d6403166, type: 3}
--- !u!1 &1045094391
GameObject:
  m_ObjectHideFlags: 0
  m_CorrespondingSourceObject: {fileID: 0}
  m_PrefabInstance: {fileID: 0}
  m_PrefabAsset: {fileID: 0}
  serializedVersion: 6
  m_Component:
  - component: {fileID: 1045094395}
  - component: {fileID: 1045094394}
  - component: {fileID: 1045094393}
  - component: {fileID: 1045094392}
  m_Layer: 0
  m_Name: Cube
  m_TagString: Untagged
  m_Icon: {fileID: 0}
  m_NavMeshLayer: 0
  m_StaticEditorFlags: 0
  m_IsActive: 1
--- !u!65 &1045094392
BoxCollider:
  m_ObjectHideFlags: 0
  m_CorrespondingSourceObject: {fileID: 0}
  m_PrefabInstance: {fileID: 0}
  m_PrefabAsset: {fileID: 0}
  m_GameObject: {fileID: 1045094391}
  m_Material: {fileID: 13400000, guid: dd18dc4ac24554a0badca3bef5a8c155, type: 2}
  m_IsTrigger: 0
  m_Enabled: 1
  serializedVersion: 2
  m_Size: {x: 1, y: 1, z: 1}
  m_Center: {x: 0, y: 0, z: 0}
--- !u!23 &1045094393
MeshRenderer:
  m_ObjectHideFlags: 0
  m_CorrespondingSourceObject: {fileID: 0}
  m_PrefabInstance: {fileID: 0}
  m_PrefabAsset: {fileID: 0}
  m_GameObject: {fileID: 1045094391}
  m_Enabled: 1
  m_CastShadows: 1
  m_ReceiveShadows: 1
  m_DynamicOccludee: 1
  m_MotionVectors: 1
  m_LightProbeUsage: 1
  m_ReflectionProbeUsage: 1
  m_RayTracingMode: 2
  m_RayTraceProcedural: 0
  m_RenderingLayerMask: 1
  m_RendererPriority: 0
  m_Materials:
  - {fileID: 2100000, guid: 5c13ff935b260447a861acd7df56ba6c, type: 2}
  m_StaticBatchInfo:
    firstSubMesh: 0
    subMeshCount: 0
  m_StaticBatchRoot: {fileID: 0}
  m_ProbeAnchor: {fileID: 0}
  m_LightProbeVolumeOverride: {fileID: 0}
  m_ScaleInLightmap: 1
  m_ReceiveGI: 1
  m_PreserveUVs: 0
  m_IgnoreNormalsForChartDetection: 0
  m_ImportantGI: 0
  m_StitchLightmapSeams: 1
  m_SelectedEditorRenderState: 3
  m_MinimumChartSize: 4
  m_AutoUVMaxDistance: 0.5
  m_AutoUVMaxAngle: 89
  m_LightmapParameters: {fileID: 0}
  m_SortingLayerID: 0
  m_SortingLayer: 0
  m_SortingOrder: 0
  m_AdditionalVertexStreams: {fileID: 0}
--- !u!33 &1045094394
MeshFilter:
  m_ObjectHideFlags: 0
  m_CorrespondingSourceObject: {fileID: 0}
  m_PrefabInstance: {fileID: 0}
  m_PrefabAsset: {fileID: 0}
  m_GameObject: {fileID: 1045094391}
  m_Mesh: {fileID: 10202, guid: 0000000000000000e000000000000000, type: 0}
--- !u!4 &1045094395
Transform:
  m_ObjectHideFlags: 0
  m_CorrespondingSourceObject: {fileID: 0}
  m_PrefabInstance: {fileID: 0}
  m_PrefabAsset: {fileID: 0}
  m_GameObject: {fileID: 1045094391}
  m_LocalRotation: {x: -0, y: -0, z: -0, w: 1}
  m_LocalPosition: {x: 0.89, y: -0.998, z: 0.001}
  m_LocalScale: {x: 5.996934, y: 2.2311, z: 2}
  m_Children: []
  m_Father: {fileID: 1072210415}
  m_RootOrder: 4
  m_LocalEulerAnglesHint: {x: 0, y: 0, z: 0}
--- !u!1 &1072210414
GameObject:
  m_ObjectHideFlags: 0
  m_CorrespondingSourceObject: {fileID: 0}
  m_PrefabInstance: {fileID: 0}
  m_PrefabAsset: {fileID: 0}
  serializedVersion: 6
  m_Component:
  - component: {fileID: 1072210415}
  m_Layer: 0
  m_Name: Terrain
  m_TagString: Untagged
  m_Icon: {fileID: 0}
  m_NavMeshLayer: 0
  m_StaticEditorFlags: 0
  m_IsActive: 1
--- !u!4 &1072210415
Transform:
  m_ObjectHideFlags: 0
  m_CorrespondingSourceObject: {fileID: 0}
  m_PrefabInstance: {fileID: 0}
  m_PrefabAsset: {fileID: 0}
  m_GameObject: {fileID: 1072210414}
  m_LocalRotation: {x: 0, y: 0, z: 0, w: 1}
  m_LocalPosition: {x: 0, y: 0, z: 0}
  m_LocalScale: {x: 1, y: 1, z: 1}
  m_Children:
  - {fileID: 1968698144}
  - {fileID: 26043754}
  - {fileID: 460284515}
  - {fileID: 1963787968}
  - {fileID: 1045094395}
  - {fileID: 80392426}
  - {fileID: 1446057527}
  - {fileID: 361134303}
  - {fileID: 492072159}
  - {fileID: 1516900317}
  - {fileID: 839378211}
  - {fileID: 78636865}
  - {fileID: 637835266}
  - {fileID: 1307880072}
  - {fileID: 7534476}
  - {fileID: 1131357375}
  - {fileID: 1750657611}
  - {fileID: 543161561}
  m_Father: {fileID: 0}
  m_RootOrder: 4
  m_LocalEulerAnglesHint: {x: 0, y: 0, z: 0}
--- !u!1001 &1105135127
PrefabInstance:
  m_ObjectHideFlags: 0
  serializedVersion: 2
  m_Modification:
    m_TransformParent: {fileID: 0}
    m_Modifications:
    - target: {fileID: 5001539363732349840, guid: 1bad011e2c6d5ea468fbc3e1938149a6, type: 3}
      propertyPath: m_RootOrder
      value: 3
      objectReference: {fileID: 0}
    - target: {fileID: 5001539363732349840, guid: 1bad011e2c6d5ea468fbc3e1938149a6, type: 3}
      propertyPath: m_LocalPosition.x
      value: 0
      objectReference: {fileID: 0}
    - target: {fileID: 5001539363732349840, guid: 1bad011e2c6d5ea468fbc3e1938149a6, type: 3}
      propertyPath: m_LocalPosition.y
      value: 0
      objectReference: {fileID: 0}
    - target: {fileID: 5001539363732349840, guid: 1bad011e2c6d5ea468fbc3e1938149a6, type: 3}
      propertyPath: m_LocalPosition.z
      value: 0
      objectReference: {fileID: 0}
    - target: {fileID: 5001539363732349840, guid: 1bad011e2c6d5ea468fbc3e1938149a6, type: 3}
      propertyPath: m_LocalRotation.w
      value: 1
      objectReference: {fileID: 0}
    - target: {fileID: 5001539363732349840, guid: 1bad011e2c6d5ea468fbc3e1938149a6, type: 3}
      propertyPath: m_LocalRotation.x
      value: 0
      objectReference: {fileID: 0}
    - target: {fileID: 5001539363732349840, guid: 1bad011e2c6d5ea468fbc3e1938149a6, type: 3}
      propertyPath: m_LocalRotation.y
      value: 0
      objectReference: {fileID: 0}
    - target: {fileID: 5001539363732349840, guid: 1bad011e2c6d5ea468fbc3e1938149a6, type: 3}
      propertyPath: m_LocalRotation.z
      value: 0
      objectReference: {fileID: 0}
    - target: {fileID: 5001539363732349840, guid: 1bad011e2c6d5ea468fbc3e1938149a6, type: 3}
      propertyPath: m_LocalEulerAnglesHint.x
      value: 0
      objectReference: {fileID: 0}
    - target: {fileID: 5001539363732349840, guid: 1bad011e2c6d5ea468fbc3e1938149a6, type: 3}
      propertyPath: m_LocalEulerAnglesHint.y
      value: 0
      objectReference: {fileID: 0}
    - target: {fileID: 5001539363732349840, guid: 1bad011e2c6d5ea468fbc3e1938149a6, type: 3}
      propertyPath: m_LocalEulerAnglesHint.z
      value: 0
      objectReference: {fileID: 0}
    - target: {fileID: 5001539363732349841, guid: 1bad011e2c6d5ea468fbc3e1938149a6, type: 3}
      propertyPath: m_Name
      value: GameManager
      objectReference: {fileID: 0}
    - target: {fileID: 5001539363732349847, guid: 1bad011e2c6d5ea468fbc3e1938149a6, type: 3}
      propertyPath: Goal
      value: 
      objectReference: {fileID: 1968698144}
    m_RemovedComponents: []
  m_SourcePrefab: {fileID: 100100000, guid: 1bad011e2c6d5ea468fbc3e1938149a6, type: 3}
--- !u!1 &1131357371
GameObject:
  m_ObjectHideFlags: 0
  m_CorrespondingSourceObject: {fileID: 0}
  m_PrefabInstance: {fileID: 0}
  m_PrefabAsset: {fileID: 0}
  serializedVersion: 6
  m_Component:
  - component: {fileID: 1131357375}
  - component: {fileID: 1131357374}
  - component: {fileID: 1131357373}
  - component: {fileID: 1131357372}
  m_Layer: 0
  m_Name: Cube (6)
  m_TagString: Untagged
  m_Icon: {fileID: 0}
  m_NavMeshLayer: 0
  m_StaticEditorFlags: 0
  m_IsActive: 1
--- !u!65 &1131357372
BoxCollider:
  m_ObjectHideFlags: 0
  m_CorrespondingSourceObject: {fileID: 0}
  m_PrefabInstance: {fileID: 0}
  m_PrefabAsset: {fileID: 0}
  m_GameObject: {fileID: 1131357371}
  m_Material: {fileID: 13400000, guid: dd18dc4ac24554a0badca3bef5a8c155, type: 2}
  m_IsTrigger: 0
  m_Enabled: 1
  serializedVersion: 2
  m_Size: {x: 1, y: 1, z: 1}
  m_Center: {x: 0, y: 0, z: 0}
--- !u!23 &1131357373
MeshRenderer:
  m_ObjectHideFlags: 0
  m_CorrespondingSourceObject: {fileID: 0}
  m_PrefabInstance: {fileID: 0}
  m_PrefabAsset: {fileID: 0}
  m_GameObject: {fileID: 1131357371}
  m_Enabled: 1
  m_CastShadows: 1
  m_ReceiveShadows: 1
  m_DynamicOccludee: 1
  m_MotionVectors: 1
  m_LightProbeUsage: 1
  m_ReflectionProbeUsage: 1
  m_RayTracingMode: 2
  m_RayTraceProcedural: 0
  m_RenderingLayerMask: 1
  m_RendererPriority: 0
  m_Materials:
  - {fileID: 2100000, guid: 5c13ff935b260447a861acd7df56ba6c, type: 2}
  m_StaticBatchInfo:
    firstSubMesh: 0
    subMeshCount: 0
  m_StaticBatchRoot: {fileID: 0}
  m_ProbeAnchor: {fileID: 0}
  m_LightProbeVolumeOverride: {fileID: 0}
  m_ScaleInLightmap: 1
  m_ReceiveGI: 1
  m_PreserveUVs: 0
  m_IgnoreNormalsForChartDetection: 0
  m_ImportantGI: 0
  m_StitchLightmapSeams: 1
  m_SelectedEditorRenderState: 3
  m_MinimumChartSize: 4
  m_AutoUVMaxDistance: 0.5
  m_AutoUVMaxAngle: 89
  m_LightmapParameters: {fileID: 0}
  m_SortingLayerID: 0
  m_SortingLayer: 0
  m_SortingOrder: 0
  m_AdditionalVertexStreams: {fileID: 0}
--- !u!33 &1131357374
MeshFilter:
  m_ObjectHideFlags: 0
  m_CorrespondingSourceObject: {fileID: 0}
  m_PrefabInstance: {fileID: 0}
  m_PrefabAsset: {fileID: 0}
  m_GameObject: {fileID: 1131357371}
  m_Mesh: {fileID: 10202, guid: 0000000000000000e000000000000000, type: 0}
--- !u!4 &1131357375
Transform:
  m_ObjectHideFlags: 0
  m_CorrespondingSourceObject: {fileID: 0}
  m_PrefabInstance: {fileID: 0}
  m_PrefabAsset: {fileID: 0}
  m_GameObject: {fileID: 1131357371}
  m_LocalRotation: {x: -0, y: -0, z: -0, w: 1}
  m_LocalPosition: {x: 33.95, y: -0.4237, z: 0.001}
  m_LocalScale: {x: 5.9119153, y: 3.37977, z: 2}
  m_Children: []
  m_Father: {fileID: 1072210415}
  m_RootOrder: 15
  m_LocalEulerAnglesHint: {x: 0, y: 0, z: 0}
--- !u!1001 &1193696261
PrefabInstance:
  m_ObjectHideFlags: 0
  serializedVersion: 2
  m_Modification:
    m_TransformParent: {fileID: 1072210415}
    m_Modifications:
    - target: {fileID: 1611373715402337260, guid: 69347ec506edf4a1fa75d528d6403166, type: 3}
      propertyPath: m_RootOrder
      value: 11
      objectReference: {fileID: 0}
    - target: {fileID: 1611373715402337260, guid: 69347ec506edf4a1fa75d528d6403166, type: 3}
      propertyPath: m_LocalScale.x
      value: 3.0535045
      objectReference: {fileID: 0}
    - target: {fileID: 1611373715402337260, guid: 69347ec506edf4a1fa75d528d6403166, type: 3}
      propertyPath: m_LocalScale.y
      value: 0.98247796
      objectReference: {fileID: 0}
    - target: {fileID: 1611373715402337260, guid: 69347ec506edf4a1fa75d528d6403166, type: 3}
      propertyPath: m_LocalScale.z
      value: 1.9
      objectReference: {fileID: 0}
    - target: {fileID: 1611373715402337260, guid: 69347ec506edf4a1fa75d528d6403166, type: 3}
      propertyPath: m_LocalPosition.x
      value: 55.27
      objectReference: {fileID: 0}
    - target: {fileID: 1611373715402337260, guid: 69347ec506edf4a1fa75d528d6403166, type: 3}
      propertyPath: m_LocalPosition.y
      value: -1.1781
      objectReference: {fileID: 0}
    - target: {fileID: 1611373715402337260, guid: 69347ec506edf4a1fa75d528d6403166, type: 3}
      propertyPath: m_LocalPosition.z
      value: 0
      objectReference: {fileID: 0}
    - target: {fileID: 1611373715402337260, guid: 69347ec506edf4a1fa75d528d6403166, type: 3}
      propertyPath: m_LocalRotation.w
      value: 1
      objectReference: {fileID: 0}
    - target: {fileID: 1611373715402337260, guid: 69347ec506edf4a1fa75d528d6403166, type: 3}
      propertyPath: m_LocalRotation.x
      value: -0
      objectReference: {fileID: 0}
    - target: {fileID: 1611373715402337260, guid: 69347ec506edf4a1fa75d528d6403166, type: 3}
      propertyPath: m_LocalRotation.y
      value: -0
      objectReference: {fileID: 0}
    - target: {fileID: 1611373715402337260, guid: 69347ec506edf4a1fa75d528d6403166, type: 3}
      propertyPath: m_LocalRotation.z
      value: -0
      objectReference: {fileID: 0}
    - target: {fileID: 1611373715402337260, guid: 69347ec506edf4a1fa75d528d6403166, type: 3}
      propertyPath: m_LocalEulerAnglesHint.x
      value: 0
      objectReference: {fileID: 0}
    - target: {fileID: 1611373715402337260, guid: 69347ec506edf4a1fa75d528d6403166, type: 3}
      propertyPath: m_LocalEulerAnglesHint.y
      value: 0
      objectReference: {fileID: 0}
    - target: {fileID: 1611373715402337260, guid: 69347ec506edf4a1fa75d528d6403166, type: 3}
      propertyPath: m_LocalEulerAnglesHint.z
      value: 0
      objectReference: {fileID: 0}
    - target: {fileID: 3700365744653131959, guid: 69347ec506edf4a1fa75d528d6403166, type: 3}
      propertyPath: m_Name
      value: Lava
      objectReference: {fileID: 0}
    m_RemovedComponents: []
  m_SourcePrefab: {fileID: 100100000, guid: 69347ec506edf4a1fa75d528d6403166, type: 3}
--- !u!1001 &1294878580
PrefabInstance:
  m_ObjectHideFlags: 0
  serializedVersion: 2
  m_Modification:
    m_TransformParent: {fileID: 1072210415}
    m_Modifications:
    - target: {fileID: 1611373715402337260, guid: 69347ec506edf4a1fa75d528d6403166, type: 3}
      propertyPath: m_RootOrder
      value: 8
      objectReference: {fileID: 0}
    - target: {fileID: 1611373715402337260, guid: 69347ec506edf4a1fa75d528d6403166, type: 3}
      propertyPath: m_LocalScale.x
      value: 6.124818
      objectReference: {fileID: 0}
    - target: {fileID: 1611373715402337260, guid: 69347ec506edf4a1fa75d528d6403166, type: 3}
      propertyPath: m_LocalScale.y
      value: 1.6479
      objectReference: {fileID: 0}
    - target: {fileID: 1611373715402337260, guid: 69347ec506edf4a1fa75d528d6403166, type: 3}
      propertyPath: m_LocalScale.z
      value: 1.9
      objectReference: {fileID: 0}
    - target: {fileID: 1611373715402337260, guid: 69347ec506edf4a1fa75d528d6403166, type: 3}
      propertyPath: m_LocalPosition.x
      value: 16.0337
      objectReference: {fileID: 0}
    - target: {fileID: 1611373715402337260, guid: 69347ec506edf4a1fa75d528d6403166, type: 3}
      propertyPath: m_LocalPosition.y
      value: -0.8454
      objectReference: {fileID: 0}
    - target: {fileID: 1611373715402337260, guid: 69347ec506edf4a1fa75d528d6403166, type: 3}
      propertyPath: m_LocalPosition.z
      value: 0
      objectReference: {fileID: 0}
    - target: {fileID: 1611373715402337260, guid: 69347ec506edf4a1fa75d528d6403166, type: 3}
      propertyPath: m_LocalRotation.w
      value: 1
      objectReference: {fileID: 0}
    - target: {fileID: 1611373715402337260, guid: 69347ec506edf4a1fa75d528d6403166, type: 3}
      propertyPath: m_LocalRotation.x
      value: -0
      objectReference: {fileID: 0}
    - target: {fileID: 1611373715402337260, guid: 69347ec506edf4a1fa75d528d6403166, type: 3}
      propertyPath: m_LocalRotation.y
      value: -0
      objectReference: {fileID: 0}
    - target: {fileID: 1611373715402337260, guid: 69347ec506edf4a1fa75d528d6403166, type: 3}
      propertyPath: m_LocalRotation.z
      value: -0
      objectReference: {fileID: 0}
    - target: {fileID: 1611373715402337260, guid: 69347ec506edf4a1fa75d528d6403166, type: 3}
      propertyPath: m_LocalEulerAnglesHint.x
      value: 0
      objectReference: {fileID: 0}
    - target: {fileID: 1611373715402337260, guid: 69347ec506edf4a1fa75d528d6403166, type: 3}
      propertyPath: m_LocalEulerAnglesHint.y
      value: 0
      objectReference: {fileID: 0}
    - target: {fileID: 1611373715402337260, guid: 69347ec506edf4a1fa75d528d6403166, type: 3}
      propertyPath: m_LocalEulerAnglesHint.z
      value: 0
      objectReference: {fileID: 0}
    - target: {fileID: 3700365744653131959, guid: 69347ec506edf4a1fa75d528d6403166, type: 3}
      propertyPath: m_Name
      value: Lava
      objectReference: {fileID: 0}
    m_RemovedComponents: []
  m_SourcePrefab: {fileID: 100100000, guid: 69347ec506edf4a1fa75d528d6403166, type: 3}
--- !u!1 &1307880068
GameObject:
  m_ObjectHideFlags: 0
  m_CorrespondingSourceObject: {fileID: 0}
  m_PrefabInstance: {fileID: 0}
  m_PrefabAsset: {fileID: 0}
  serializedVersion: 6
  m_Component:
  - component: {fileID: 1307880072}
  - component: {fileID: 1307880071}
  - component: {fileID: 1307880070}
  - component: {fileID: 1307880069}
  m_Layer: 0
  m_Name: Cube (4)
  m_TagString: Untagged
  m_Icon: {fileID: 0}
  m_NavMeshLayer: 0
  m_StaticEditorFlags: 0
  m_IsActive: 1
--- !u!65 &1307880069
BoxCollider:
  m_ObjectHideFlags: 0
  m_CorrespondingSourceObject: {fileID: 0}
  m_PrefabInstance: {fileID: 0}
  m_PrefabAsset: {fileID: 0}
  m_GameObject: {fileID: 1307880068}
  m_Material: {fileID: 13400000, guid: dd18dc4ac24554a0badca3bef5a8c155, type: 2}
  m_IsTrigger: 0
  m_Enabled: 1
  serializedVersion: 2
  m_Size: {x: 1, y: 1, z: 1}
  m_Center: {x: 0, y: 0, z: 0}
--- !u!23 &1307880070
MeshRenderer:
  m_ObjectHideFlags: 0
  m_CorrespondingSourceObject: {fileID: 0}
  m_PrefabInstance: {fileID: 0}
  m_PrefabAsset: {fileID: 0}
  m_GameObject: {fileID: 1307880068}
  m_Enabled: 1
  m_CastShadows: 1
  m_ReceiveShadows: 1
  m_DynamicOccludee: 1
  m_MotionVectors: 1
  m_LightProbeUsage: 1
  m_ReflectionProbeUsage: 1
  m_RayTracingMode: 2
  m_RayTraceProcedural: 0
  m_RenderingLayerMask: 1
  m_RendererPriority: 0
  m_Materials:
  - {fileID: 2100000, guid: 5c13ff935b260447a861acd7df56ba6c, type: 2}
  m_StaticBatchInfo:
    firstSubMesh: 0
    subMeshCount: 0
  m_StaticBatchRoot: {fileID: 0}
  m_ProbeAnchor: {fileID: 0}
  m_LightProbeVolumeOverride: {fileID: 0}
  m_ScaleInLightmap: 1
  m_ReceiveGI: 1
  m_PreserveUVs: 0
  m_IgnoreNormalsForChartDetection: 0
  m_ImportantGI: 0
  m_StitchLightmapSeams: 1
  m_SelectedEditorRenderState: 3
  m_MinimumChartSize: 4
  m_AutoUVMaxDistance: 0.5
  m_AutoUVMaxAngle: 89
  m_LightmapParameters: {fileID: 0}
  m_SortingLayerID: 0
  m_SortingLayer: 0
  m_SortingOrder: 0
  m_AdditionalVertexStreams: {fileID: 0}
--- !u!33 &1307880071
MeshFilter:
  m_ObjectHideFlags: 0
  m_CorrespondingSourceObject: {fileID: 0}
  m_PrefabInstance: {fileID: 0}
  m_PrefabAsset: {fileID: 0}
  m_GameObject: {fileID: 1307880068}
  m_Mesh: {fileID: 10202, guid: 0000000000000000e000000000000000, type: 0}
--- !u!4 &1307880072
Transform:
  m_ObjectHideFlags: 0
  m_CorrespondingSourceObject: {fileID: 0}
  m_PrefabInstance: {fileID: 0}
  m_PrefabAsset: {fileID: 0}
  m_GameObject: {fileID: 1307880068}
  m_LocalRotation: {x: -0, y: -0, z: -0, w: 1}
  m_LocalPosition: {x: 22.0408, y: -0.4237, z: 0.001}
  m_LocalScale: {x: 5.9119153, y: 3.37977, z: 2}
  m_Children: []
  m_Father: {fileID: 1072210415}
  m_RootOrder: 13
  m_LocalEulerAnglesHint: {x: 0, y: 0, z: 0}
--- !u!1001 &1353041825
PrefabInstance:
  m_ObjectHideFlags: 0
  serializedVersion: 2
  m_Modification:
    m_TransformParent: {fileID: 0}
    m_Modifications:
    - target: {fileID: 388290615712883536, guid: 84cdaea7e8c0742a1979f52df6d1db4d, type: 3}
      propertyPath: m_RootOrder
      value: 2
      objectReference: {fileID: 0}
    - target: {fileID: 388290615712883536, guid: 84cdaea7e8c0742a1979f52df6d1db4d, type: 3}
      propertyPath: m_LocalPosition.x
      value: -9
      objectReference: {fileID: 0}
    - target: {fileID: 388290615712883536, guid: 84cdaea7e8c0742a1979f52df6d1db4d, type: 3}
      propertyPath: m_LocalPosition.y
      value: -0.43
      objectReference: {fileID: 0}
    - target: {fileID: 388290615712883536, guid: 84cdaea7e8c0742a1979f52df6d1db4d, type: 3}
      propertyPath: m_LocalPosition.z
      value: 0
      objectReference: {fileID: 0}
    - target: {fileID: 388290615712883536, guid: 84cdaea7e8c0742a1979f52df6d1db4d, type: 3}
      propertyPath: m_LocalRotation.w
      value: 1
      objectReference: {fileID: 0}
    - target: {fileID: 388290615712883536, guid: 84cdaea7e8c0742a1979f52df6d1db4d, type: 3}
      propertyPath: m_LocalRotation.x
      value: -0
      objectReference: {fileID: 0}
    - target: {fileID: 388290615712883536, guid: 84cdaea7e8c0742a1979f52df6d1db4d, type: 3}
      propertyPath: m_LocalRotation.y
      value: -0
      objectReference: {fileID: 0}
    - target: {fileID: 388290615712883536, guid: 84cdaea7e8c0742a1979f52df6d1db4d, type: 3}
      propertyPath: m_LocalRotation.z
      value: -0
      objectReference: {fileID: 0}
    - target: {fileID: 388290615712883536, guid: 84cdaea7e8c0742a1979f52df6d1db4d, type: 3}
      propertyPath: m_LocalEulerAnglesHint.x
      value: 0
      objectReference: {fileID: 0}
    - target: {fileID: 388290615712883536, guid: 84cdaea7e8c0742a1979f52df6d1db4d, type: 3}
      propertyPath: m_LocalEulerAnglesHint.y
      value: 0
      objectReference: {fileID: 0}
    - target: {fileID: 388290615712883536, guid: 84cdaea7e8c0742a1979f52df6d1db4d, type: 3}
      propertyPath: m_LocalEulerAnglesHint.z
      value: 0
      objectReference: {fileID: 0}
    - target: {fileID: 388290615712883543, guid: 84cdaea7e8c0742a1979f52df6d1db4d, type: 3}
      propertyPath: m_Name
      value: Player
      objectReference: {fileID: 0}
    m_RemovedComponents: []
  m_SourcePrefab: {fileID: 100100000, guid: 84cdaea7e8c0742a1979f52df6d1db4d, type: 3}
--- !u!1 &1446057523
GameObject:
  m_ObjectHideFlags: 0
  m_CorrespondingSourceObject: {fileID: 0}
  m_PrefabInstance: {fileID: 0}
  m_PrefabAsset: {fileID: 0}
  serializedVersion: 6
  m_Component:
  - component: {fileID: 1446057527}
  - component: {fileID: 1446057526}
  - component: {fileID: 1446057525}
  - component: {fileID: 1446057524}
  m_Layer: 0
  m_Name: Cube (3)
  m_TagString: Untagged
  m_Icon: {fileID: 0}
  m_NavMeshLayer: 0
  m_StaticEditorFlags: 0
  m_IsActive: 1
--- !u!65 &1446057524
BoxCollider:
  m_ObjectHideFlags: 0
  m_CorrespondingSourceObject: {fileID: 0}
  m_PrefabInstance: {fileID: 0}
  m_PrefabAsset: {fileID: 0}
  m_GameObject: {fileID: 1446057523}
  m_Material: {fileID: 13400000, guid: dd18dc4ac24554a0badca3bef5a8c155, type: 2}
  m_IsTrigger: 0
  m_Enabled: 1
  serializedVersion: 2
  m_Size: {x: 1, y: 1, z: 1}
  m_Center: {x: 0, y: 0, z: 0}
--- !u!23 &1446057525
MeshRenderer:
  m_ObjectHideFlags: 0
  m_CorrespondingSourceObject: {fileID: 0}
  m_PrefabInstance: {fileID: 0}
  m_PrefabAsset: {fileID: 0}
  m_GameObject: {fileID: 1446057523}
  m_Enabled: 1
  m_CastShadows: 1
  m_ReceiveShadows: 1
  m_DynamicOccludee: 1
  m_MotionVectors: 1
  m_LightProbeUsage: 1
  m_ReflectionProbeUsage: 1
  m_RayTracingMode: 2
  m_RayTraceProcedural: 0
  m_RenderingLayerMask: 1
  m_RendererPriority: 0
  m_Materials:
  - {fileID: 2100000, guid: 5c13ff935b260447a861acd7df56ba6c, type: 2}
  m_StaticBatchInfo:
    firstSubMesh: 0
    subMeshCount: 0
  m_StaticBatchRoot: {fileID: 0}
  m_ProbeAnchor: {fileID: 0}
  m_LightProbeVolumeOverride: {fileID: 0}
  m_ScaleInLightmap: 1
  m_ReceiveGI: 1
  m_PreserveUVs: 0
  m_IgnoreNormalsForChartDetection: 0
  m_ImportantGI: 0
  m_StitchLightmapSeams: 1
  m_SelectedEditorRenderState: 3
  m_MinimumChartSize: 4
  m_AutoUVMaxDistance: 0.5
  m_AutoUVMaxAngle: 89
  m_LightmapParameters: {fileID: 0}
  m_SortingLayerID: 0
  m_SortingLayer: 0
  m_SortingOrder: 0
  m_AdditionalVertexStreams: {fileID: 0}
--- !u!33 &1446057526
MeshFilter:
  m_ObjectHideFlags: 0
  m_CorrespondingSourceObject: {fileID: 0}
  m_PrefabInstance: {fileID: 0}
  m_PrefabAsset: {fileID: 0}
  m_GameObject: {fileID: 1446057523}
  m_Mesh: {fileID: 10202, guid: 0000000000000000e000000000000000, type: 0}
--- !u!4 &1446057527
Transform:
  m_ObjectHideFlags: 0
  m_CorrespondingSourceObject: {fileID: 0}
  m_PrefabInstance: {fileID: 0}
  m_PrefabAsset: {fileID: 0}
  m_GameObject: {fileID: 1446057523}
  m_LocalRotation: {x: -0, y: -0, z: -0, w: 1}
  m_LocalPosition: {x: 10.3, y: 0.1047, z: 0.001}
  m_LocalScale: {x: 2.570286, y: 4.4365582, z: 2}
  m_Children: []
  m_Father: {fileID: 1072210415}
  m_RootOrder: 6
  m_LocalEulerAnglesHint: {x: 0, y: 0, z: 0}
--- !u!1001 &1455468981
PrefabInstance:
  m_ObjectHideFlags: 0
  serializedVersion: 2
  m_Modification:
    m_TransformParent: {fileID: 1072210415}
    m_Modifications:
    - target: {fileID: 1611373715402337260, guid: 69347ec506edf4a1fa75d528d6403166, type: 3}
      propertyPath: m_RootOrder
      value: 10
      objectReference: {fileID: 0}
    - target: {fileID: 1611373715402337260, guid: 69347ec506edf4a1fa75d528d6403166, type: 3}
      propertyPath: m_LocalScale.x
      value: 5.0942683
      objectReference: {fileID: 0}
    - target: {fileID: 1611373715402337260, guid: 69347ec506edf4a1fa75d528d6403166, type: 3}
      propertyPath: m_LocalScale.y
      value: 1.6479
      objectReference: {fileID: 0}
    - target: {fileID: 1611373715402337260, guid: 69347ec506edf4a1fa75d528d6403166, type: 3}
      propertyPath: m_LocalScale.z
      value: 1.9
      objectReference: {fileID: 0}
    - target: {fileID: 1611373715402337260, guid: 69347ec506edf4a1fa75d528d6403166, type: 3}
      propertyPath: m_LocalPosition.x
      value: 39.3855
      objectReference: {fileID: 0}
    - target: {fileID: 1611373715402337260, guid: 69347ec506edf4a1fa75d528d6403166, type: 3}
      propertyPath: m_LocalPosition.y
      value: -0.8454
      objectReference: {fileID: 0}
    - target: {fileID: 1611373715402337260, guid: 69347ec506edf4a1fa75d528d6403166, type: 3}
      propertyPath: m_LocalPosition.z
      value: 0
      objectReference: {fileID: 0}
    - target: {fileID: 1611373715402337260, guid: 69347ec506edf4a1fa75d528d6403166, type: 3}
      propertyPath: m_LocalRotation.w
      value: 1
      objectReference: {fileID: 0}
    - target: {fileID: 1611373715402337260, guid: 69347ec506edf4a1fa75d528d6403166, type: 3}
      propertyPath: m_LocalRotation.x
      value: -0
      objectReference: {fileID: 0}
    - target: {fileID: 1611373715402337260, guid: 69347ec506edf4a1fa75d528d6403166, type: 3}
      propertyPath: m_LocalRotation.y
      value: -0
      objectReference: {fileID: 0}
    - target: {fileID: 1611373715402337260, guid: 69347ec506edf4a1fa75d528d6403166, type: 3}
      propertyPath: m_LocalRotation.z
      value: -0
      objectReference: {fileID: 0}
    - target: {fileID: 1611373715402337260, guid: 69347ec506edf4a1fa75d528d6403166, type: 3}
      propertyPath: m_LocalEulerAnglesHint.x
      value: 0
      objectReference: {fileID: 0}
    - target: {fileID: 1611373715402337260, guid: 69347ec506edf4a1fa75d528d6403166, type: 3}
      propertyPath: m_LocalEulerAnglesHint.y
      value: 0
      objectReference: {fileID: 0}
    - target: {fileID: 1611373715402337260, guid: 69347ec506edf4a1fa75d528d6403166, type: 3}
      propertyPath: m_LocalEulerAnglesHint.z
      value: 0
      objectReference: {fileID: 0}
    - target: {fileID: 3700365744653131959, guid: 69347ec506edf4a1fa75d528d6403166, type: 3}
      propertyPath: m_Name
      value: Lava
      objectReference: {fileID: 0}
    m_RemovedComponents: []
  m_SourcePrefab: {fileID: 100100000, guid: 69347ec506edf4a1fa75d528d6403166, type: 3}
--- !u!4 &1516900317 stripped
Transform:
  m_CorrespondingSourceObject: {fileID: 1611373715402337260, guid: 69347ec506edf4a1fa75d528d6403166, type: 3}
  m_PrefabInstance: {fileID: 955624079}
  m_PrefabAsset: {fileID: 0}
--- !u!1001 &1593301278
PrefabInstance:
  m_ObjectHideFlags: 0
  serializedVersion: 2
  m_Modification:
    m_TransformParent: {fileID: 0}
    m_Modifications:
    - target: {fileID: 2326340101419835250, guid: 3f000e8ddecb748a09b1d673c4bfc94d, type: 3}
      propertyPath: m_Name
      value: Camera
      objectReference: {fileID: 0}
    - target: {fileID: 2326340101419835255, guid: 3f000e8ddecb748a09b1d673c4bfc94d, type: 3}
      propertyPath: m_RootOrder
      value: 0
      objectReference: {fileID: 0}
    - target: {fileID: 2326340101419835255, guid: 3f000e8ddecb748a09b1d673c4bfc94d, type: 3}
      propertyPath: m_LocalPosition.x
      value: -5.8
      objectReference: {fileID: 0}
    - target: {fileID: 2326340101419835255, guid: 3f000e8ddecb748a09b1d673c4bfc94d, type: 3}
      propertyPath: m_LocalPosition.y
      value: 13.1
      objectReference: {fileID: 0}
    - target: {fileID: 2326340101419835255, guid: 3f000e8ddecb748a09b1d673c4bfc94d, type: 3}
      propertyPath: m_LocalPosition.z
      value: -17.02
      objectReference: {fileID: 0}
    - target: {fileID: 2326340101419835255, guid: 3f000e8ddecb748a09b1d673c4bfc94d, type: 3}
      propertyPath: m_LocalRotation.w
      value: 0.95095754
      objectReference: {fileID: 0}
    - target: {fileID: 2326340101419835255, guid: 3f000e8ddecb748a09b1d673c4bfc94d, type: 3}
      propertyPath: m_LocalRotation.x
      value: 0.22979724
      objectReference: {fileID: 0}
    - target: {fileID: 2326340101419835255, guid: 3f000e8ddecb748a09b1d673c4bfc94d, type: 3}
      propertyPath: m_LocalRotation.y
      value: 0.20126499
      objectReference: {fileID: 0}
    - target: {fileID: 2326340101419835255, guid: 3f000e8ddecb748a09b1d673c4bfc94d, type: 3}
      propertyPath: m_LocalRotation.z
      value: -0.048635338
      objectReference: {fileID: 0}
    - target: {fileID: 2326340101419835255, guid: 3f000e8ddecb748a09b1d673c4bfc94d, type: 3}
      propertyPath: m_LocalEulerAnglesHint.x
      value: 27.17
      objectReference: {fileID: 0}
    - target: {fileID: 2326340101419835255, guid: 3f000e8ddecb748a09b1d673c4bfc94d, type: 3}
      propertyPath: m_LocalEulerAnglesHint.y
      value: 23.9
      objectReference: {fileID: 0}
    - target: {fileID: 2326340101419835255, guid: 3f000e8ddecb748a09b1d673c4bfc94d, type: 3}
      propertyPath: m_LocalEulerAnglesHint.z
      value: 0
      objectReference: {fileID: 0}
    m_RemovedComponents: []
  m_SourcePrefab: {fileID: 100100000, guid: 3f000e8ddecb748a09b1d673c4bfc94d, type: 3}
--- !u!1 &1750657607
GameObject:
  m_ObjectHideFlags: 0
  m_CorrespondingSourceObject: {fileID: 0}
  m_PrefabInstance: {fileID: 0}
  m_PrefabAsset: {fileID: 0}
  serializedVersion: 6
  m_Component:
  - component: {fileID: 1750657611}
  - component: {fileID: 1750657610}
  - component: {fileID: 1750657609}
  - component: {fileID: 1750657608}
  m_Layer: 0
  m_Name: Cube (7)
  m_TagString: Untagged
  m_Icon: {fileID: 0}
  m_NavMeshLayer: 0
  m_StaticEditorFlags: 0
  m_IsActive: 1
--- !u!65 &1750657608
BoxCollider:
  m_ObjectHideFlags: 0
  m_CorrespondingSourceObject: {fileID: 0}
  m_PrefabInstance: {fileID: 0}
  m_PrefabAsset: {fileID: 0}
  m_GameObject: {fileID: 1750657607}
  m_Material: {fileID: 13400000, guid: dd18dc4ac24554a0badca3bef5a8c155, type: 2}
  m_IsTrigger: 0
  m_Enabled: 1
  serializedVersion: 2
  m_Size: {x: 1, y: 1, z: 1}
  m_Center: {x: 0, y: 0, z: 0}
--- !u!23 &1750657609
MeshRenderer:
  m_ObjectHideFlags: 0
  m_CorrespondingSourceObject: {fileID: 0}
  m_PrefabInstance: {fileID: 0}
  m_PrefabAsset: {fileID: 0}
  m_GameObject: {fileID: 1750657607}
  m_Enabled: 1
  m_CastShadows: 1
  m_ReceiveShadows: 1
  m_DynamicOccludee: 1
  m_MotionVectors: 1
  m_LightProbeUsage: 1
  m_ReflectionProbeUsage: 1
  m_RayTracingMode: 2
  m_RayTraceProcedural: 0
  m_RenderingLayerMask: 1
  m_RendererPriority: 0
  m_Materials:
  - {fileID: 2100000, guid: 5c13ff935b260447a861acd7df56ba6c, type: 2}
  m_StaticBatchInfo:
    firstSubMesh: 0
    subMeshCount: 0
  m_StaticBatchRoot: {fileID: 0}
  m_ProbeAnchor: {fileID: 0}
  m_LightProbeVolumeOverride: {fileID: 0}
  m_ScaleInLightmap: 1
  m_ReceiveGI: 1
  m_PreserveUVs: 0
  m_IgnoreNormalsForChartDetection: 0
  m_ImportantGI: 0
  m_StitchLightmapSeams: 1
  m_SelectedEditorRenderState: 3
  m_MinimumChartSize: 4
  m_AutoUVMaxDistance: 0.5
  m_AutoUVMaxAngle: 89
  m_LightmapParameters: {fileID: 0}
  m_SortingLayerID: 0
  m_SortingLayer: 0
  m_SortingOrder: 0
  m_AdditionalVertexStreams: {fileID: 0}
--- !u!33 &1750657610
MeshFilter:
  m_ObjectHideFlags: 0
  m_CorrespondingSourceObject: {fileID: 0}
  m_PrefabInstance: {fileID: 0}
  m_PrefabAsset: {fileID: 0}
  m_GameObject: {fileID: 1750657607}
  m_Mesh: {fileID: 10202, guid: 0000000000000000e000000000000000, type: 0}
--- !u!4 &1750657611
Transform:
  m_ObjectHideFlags: 0
  m_CorrespondingSourceObject: {fileID: 0}
  m_PrefabInstance: {fileID: 0}
  m_PrefabAsset: {fileID: 0}
  m_GameObject: {fileID: 1750657607}
  m_LocalRotation: {x: -0, y: -0, z: -0, w: 1}
  m_LocalPosition: {x: 44.87, y: -0.4237, z: 0.001}
  m_LocalScale: {x: 5.9119153, y: 3.37977, z: 2}
  m_Children: []
  m_Father: {fileID: 1072210415}
  m_RootOrder: 16
  m_LocalEulerAnglesHint: {x: 0, y: 0, z: 0}
--- !u!1001 &1884938160
PrefabInstance:
  m_ObjectHideFlags: 0
  serializedVersion: 2
  m_Modification:
    m_TransformParent: {fileID: 1072210415}
    m_Modifications:
    - target: {fileID: 1232642526394195318, guid: be47ac35f899a42c2b88ba88da941498, type: 3}
      propertyPath: m_Name
      value: MovementBlocker
      objectReference: {fileID: 0}
    - target: {fileID: 1232642526394195319, guid: be47ac35f899a42c2b88ba88da941498, type: 3}
      propertyPath: m_RootOrder
      value: 1
      objectReference: {fileID: 0}
    - target: {fileID: 1232642526394195319, guid: be47ac35f899a42c2b88ba88da941498, type: 3}
      propertyPath: m_LocalPosition.x
      value: -12
      objectReference: {fileID: 0}
    - target: {fileID: 1232642526394195319, guid: be47ac35f899a42c2b88ba88da941498, type: 3}
      propertyPath: m_LocalPosition.y
      value: 0
      objectReference: {fileID: 0}
    - target: {fileID: 1232642526394195319, guid: be47ac35f899a42c2b88ba88da941498, type: 3}
      propertyPath: m_LocalPosition.z
      value: 0
      objectReference: {fileID: 0}
    - target: {fileID: 1232642526394195319, guid: be47ac35f899a42c2b88ba88da941498, type: 3}
      propertyPath: m_LocalRotation.w
      value: 1
      objectReference: {fileID: 0}
    - target: {fileID: 1232642526394195319, guid: be47ac35f899a42c2b88ba88da941498, type: 3}
      propertyPath: m_LocalRotation.x
      value: 0
      objectReference: {fileID: 0}
    - target: {fileID: 1232642526394195319, guid: be47ac35f899a42c2b88ba88da941498, type: 3}
      propertyPath: m_LocalRotation.y
      value: 0
      objectReference: {fileID: 0}
    - target: {fileID: 1232642526394195319, guid: be47ac35f899a42c2b88ba88da941498, type: 3}
      propertyPath: m_LocalRotation.z
      value: 0
      objectReference: {fileID: 0}
    - target: {fileID: 1232642526394195319, guid: be47ac35f899a42c2b88ba88da941498, type: 3}
      propertyPath: m_LocalEulerAnglesHint.x
      value: 0
      objectReference: {fileID: 0}
    - target: {fileID: 1232642526394195319, guid: be47ac35f899a42c2b88ba88da941498, type: 3}
      propertyPath: m_LocalEulerAnglesHint.y
      value: 0
      objectReference: {fileID: 0}
    - target: {fileID: 1232642526394195319, guid: be47ac35f899a42c2b88ba88da941498, type: 3}
      propertyPath: m_LocalEulerAnglesHint.z
      value: 0
      objectReference: {fileID: 0}
    m_RemovedComponents: []
  m_SourcePrefab: {fileID: 100100000, guid: be47ac35f899a42c2b88ba88da941498, type: 3}
--- !u!1 &1935243836
GameObject:
  m_ObjectHideFlags: 0
  m_CorrespondingSourceObject: {fileID: 0}
  m_PrefabInstance: {fileID: 0}
  m_PrefabAsset: {fileID: 0}
  serializedVersion: 6
  m_Component:
  - component: {fileID: 1935243837}
  - component: {fileID: 1935243840}
  - component: {fileID: 1935243839}
  - component: {fileID: 1935243838}
  m_Layer: 0
  m_Name: LowerLayer
  m_TagString: Untagged
  m_Icon: {fileID: 0}
  m_NavMeshLayer: 0
  m_StaticEditorFlags: 0
  m_IsActive: 1
--- !u!4 &1935243837
Transform:
  m_ObjectHideFlags: 0
  m_CorrespondingSourceObject: {fileID: 0}
  m_PrefabInstance: {fileID: 0}
  m_PrefabAsset: {fileID: 0}
  m_GameObject: {fileID: 1935243836}
  m_LocalRotation: {x: 0, y: 0, z: 0, w: 1}
  m_LocalPosition: {x: 0, y: -11.5, z: 0}
  m_LocalScale: {x: 500, y: 20, z: 2}
  m_Children: []
  m_Father: {fileID: 1963787968}
  m_RootOrder: 0
  m_LocalEulerAnglesHint: {x: 0, y: 0, z: 0}
--- !u!65 &1935243838
BoxCollider:
  m_ObjectHideFlags: 0
  m_CorrespondingSourceObject: {fileID: 0}
  m_PrefabInstance: {fileID: 0}
  m_PrefabAsset: {fileID: 0}
  m_GameObject: {fileID: 1935243836}
  m_Material: {fileID: 13400000, guid: dd18dc4ac24554a0badca3bef5a8c155, type: 2}
  m_IsTrigger: 0
  m_Enabled: 1
  serializedVersion: 2
  m_Size: {x: 1, y: 1, z: 1}
  m_Center: {x: 0, y: 0, z: 0}
--- !u!23 &1935243839
MeshRenderer:
  m_ObjectHideFlags: 0
  m_CorrespondingSourceObject: {fileID: 0}
  m_PrefabInstance: {fileID: 0}
  m_PrefabAsset: {fileID: 0}
  m_GameObject: {fileID: 1935243836}
  m_Enabled: 1
  m_CastShadows: 1
  m_ReceiveShadows: 1
  m_DynamicOccludee: 1
  m_MotionVectors: 1
  m_LightProbeUsage: 1
  m_ReflectionProbeUsage: 1
  m_RayTracingMode: 2
  m_RayTraceProcedural: 0
  m_RenderingLayerMask: 1
  m_RendererPriority: 0
  m_Materials:
  - {fileID: 2100000, guid: 5c13ff935b260447a861acd7df56ba6c, type: 2}
  m_StaticBatchInfo:
    firstSubMesh: 0
    subMeshCount: 0
  m_StaticBatchRoot: {fileID: 0}
  m_ProbeAnchor: {fileID: 0}
  m_LightProbeVolumeOverride: {fileID: 0}
  m_ScaleInLightmap: 1
  m_ReceiveGI: 1
  m_PreserveUVs: 0
  m_IgnoreNormalsForChartDetection: 0
  m_ImportantGI: 0
  m_StitchLightmapSeams: 1
  m_SelectedEditorRenderState: 3
  m_MinimumChartSize: 4
  m_AutoUVMaxDistance: 0.5
  m_AutoUVMaxAngle: 89
  m_LightmapParameters: {fileID: 0}
  m_SortingLayerID: 0
  m_SortingLayer: 0
  m_SortingOrder: 0
  m_AdditionalVertexStreams: {fileID: 0}
--- !u!33 &1935243840
MeshFilter:
  m_ObjectHideFlags: 0
  m_CorrespondingSourceObject: {fileID: 0}
  m_PrefabInstance: {fileID: 0}
  m_PrefabAsset: {fileID: 0}
  m_GameObject: {fileID: 1935243836}
  m_Mesh: {fileID: 10202, guid: 0000000000000000e000000000000000, type: 0}
--- !u!1 &1963787967
GameObject:
  m_ObjectHideFlags: 0
  m_CorrespondingSourceObject: {fileID: 0}
  m_PrefabInstance: {fileID: 0}
  m_PrefabAsset: {fileID: 0}
  serializedVersion: 6
  m_Component:
  - component: {fileID: 1963787968}
  m_Layer: 0
  m_Name: Ground
  m_TagString: Untagged
  m_Icon: {fileID: 0}
  m_NavMeshLayer: 0
  m_StaticEditorFlags: 0
  m_IsActive: 1
--- !u!4 &1963787968
Transform:
  m_ObjectHideFlags: 0
  m_CorrespondingSourceObject: {fileID: 0}
  m_PrefabInstance: {fileID: 0}
  m_PrefabAsset: {fileID: 0}
  m_GameObject: {fileID: 1963787967}
  m_LocalRotation: {x: 0, y: 0, z: 0, w: 1}
  m_LocalPosition: {x: 0, y: 0, z: 0}
  m_LocalScale: {x: 1, y: 1, z: 1}
  m_Children:
  - {fileID: 1935243837}
  m_Father: {fileID: 1072210415}
  m_RootOrder: 3
  m_LocalEulerAnglesHint: {x: 0, y: 0, z: 0}
--- !u!4 &1968698144 stripped
Transform:
  m_CorrespondingSourceObject: {fileID: 747049159031288287, guid: 29bbcad1aec454191b36de1f52bd2a67, type: 3}
  m_PrefabInstance: {fileID: 808777001}
  m_PrefabAsset: {fileID: 0}
